@article{ashton2009internet,
  title={That ‘internet of things’ thing},
  author={Ashton, Kevin and others},
  journal={RFID journal},
  volume={22},
  number={7},
  pages={97--114},
  year={2009},
  publisher={Hauppauge, New York}
}

@INPROCEEDINGS{IoT-History,
  author={Suresh, P. and Daniel, J. Vijay and Parthasarathy, V. and Aswathy, R. H.},
  booktitle={2014 International Conference on Science Engineering and Management Research (ICSEMR)}, 
  title={A state of the art review on the Internet of Things (IoT) history, technology and fields of deployment}, 
  year={2014},
  volume={},
  number={},
  pages={1-8},
  doi={10.1109/ICSEMR.2014.7043637}}

  @article{patel2016internet,
  title={Internet of things-IOT: definition, characteristics, architecture, enabling technologies, application \& future challenges},
  author={Patel, Keyur K and Patel, Sunil M and Scholar, P},
  journal={International journal of engineering science and computing},
  volume={6},
  number={5},
  year={2016}
}

@book{10.5555/2785661,
author = {Greengard, Samuel},
title = {The Internet of Things},
year = {2015},
isbn = {0262527731},
publisher = {The MIT Press}
}
@book{kellmereit2013silent,
  title={The Silent Intelligence: The Internet of Things},
  author={Kellmereit, D. and Obodovski, D.},
  isbn={9780989973700},
  url={https://books.google.cz/books?id=0SQLnwEACAAJ},
  year={2013},
  publisher={DnD Ventures}
}

@Article{Shafiq2022,
author={Shafiq, Muhammad
and Gu, Zhaoquan
and Cheikhrouhou, Omar
and Alhakami, Wajdi
and Hamam, Habib},
title={The Rise of ``Internet of Things'': Review and Open Research Issues Related to Detection and Prevention of IoT-Based Security Attacks},
journal={Wireless Communications and Mobile Computing},
year={2022},
month={Aug},
day={03},
publisher={Hindawi},
volume={2022},
pages={8669348},
issn={1530-8669},
doi={10.1155/2022/8669348},
url={https://doi.org/10.1155/2022/8669348}
}

@Article{Yin2015,
author={Yin, ChuanTao
and Xiong, Zhang
and Chen, Hui
and Wang, JingYuan
and Cooper, Daven
and David, Bertrand},
title={A literature survey on smart cities},
journal={Science China Information Sciences},
year={2015},
month={Oct},
day={01},
volume={58},
number={10},
pages={1-18},
issn={1869-1919},
doi={10.1007/s11432-015-5397-4},
url={https://doi.org/10.1007/s11432-015-5397-4}
}

@article{gerland2014world,
  title={World population stabilization unlikely this century},
  author={Gerland, Patrick and Raftery, Adrian E and {\v{S}}ev{\v{c}}{\'\i}kov{\'a}, Hana and Li, Nan and Gu, Danan and Spoorenberg, Thomas and Alkema, Leontine and Fosdick, Bailey K and Chunn, Jennifer and Lalic, Nevena and others},
  journal={Science},
  volume={346},
  number={6206},
  pages={234--237},
  year={2014},
  publisher={American Association for the Advancement of Science}
}

@article{davis1965urbanization,
  title={The urbanization of the human population},
  author={Kingsley, Davis},
  journal={Scientific American},
  volume={213},
  number={3},
  pages={40--53},
  year={1965},
  publisher={JSTOR}
}

@article{bertinelli2004urbanization,
  title={Urbanization and growth},
  author={Bertinelli, Luisito and Black, Duncan},
  journal={Journal of Urban Economics},
  volume={56},
  number={1},
  pages={80--96},
  year={2004},
  publisher={Elsevier}
}
@article{haughton1997developing,
  title={Developing sustainable urban development models},
  author={Haughton, Graham},
  journal={Cities},
  volume={14},
  number={4},
  pages={189--195},
  year={1997},
  publisher={Elsevier}
}
@article{goldsmith2021define,
  title={As the Chorus of Dumb City Advocates Increases, How Do We Define the Truly Smart City?},
  author={Stephen Goldsmith},
  journal={Datasmart},
  pages={4--5},
  year={2021},
  publisher={harvard.edu},
  url={https://datasmart.ash.harvard.edu/chorus-dumb-city-advocates-increases-how-do-we-define-truly-smart-city}
}
@article{paiho2022opportunities,
  title={Opportunities of collected city data for smart cities},
  author={Paiho, Satu and Tuominen, Pekka and R{\"o}kman, Jyri and Yliker{\"a}l{\"a}, Markus and Pajula, Juha and Siikavirta, Hanne},
  journal={IET Smart Cities},
  year={2022},
  publisher={Wiley Online Library}
}
@article{gracia2018sustainable,
  title={Sustainable smart cities. creating spaces for technological, social and business development},
  author={Gracia, Tirso Javier Hern{\'a}ndez and Garc{\'\i}a, Alejandra Corichi and others},
  journal={Bolet{\'\i}n Cient{\'\i}fico de Las Ciencias Econ{\'o}mico Administrativas Del ICEA},
  volume={6},
  number={12},
  year={2018}
}
@incollection{komninos2013makes,
  title={What makes cities intelligent?},
  author={Komninos, Nicos},
  booktitle={Smart Cities},
  pages={89--107},
  year={2013},
  publisher={Routledge}
}
@article{elkhodr2016emerging,
  title={Emerging wireless technologies in the internet of things: a comparative study},
  author={Elkhodr, Mahmoud and Shahrestani, Seyed and Cheung, Hon},
  journal={arXiv preprint arXiv:1611.00861},
  year={2016}
}
@INPROCEEDINGS{8474715,
  author={Devalal, Shilpa and Karthikeyan, A.},
  booktitle={2018 Second International Conference on Electronics, Communication and Aerospace Technology (ICECA)}, 
  title={LoRa Technology – An Overview}, 
  year={2018},
  volume={},
  number={},
  pages={284-290},
  doi={10.1109/ICECA.2018.8474715}
}
@INPROCEEDINGS{5942102,
  author={Ramya, C. Muthu and Shanmugaraj, M and Prabakaran, R},
  booktitle={2011 3rd International Conference on Electronics Computer Technology}, 
  title={Study on ZigBee technology}, 
  year={2011},
  volume={6},
  number={},
  pages={297-301},
  doi={10.1109/ICECTECH.2011.5942102}
}
@Article{s17071467,
AUTHOR = {Darroudi, Seyed Mahdi and Gomez, Carles},
TITLE = {Bluetooth Low Energy Mesh Networks: A Survey},
JOURNAL = {Sensors},
VOLUME = {17},
YEAR = {2017},
NUMBER = {7},
ARTICLE-NUMBER = {1467},
URL = {https://www.mdpi.com/1424-8220/17/7/1467},
ISSN = {1424-8220},
DOI = {10.3390/s17071467}
}
@ARTICLE{8307394,
  author={Jiang, Hongbo and Cai, Chao and Ma, Xiaoqiang and Yang, Yang and Liu, Jiangchuan},
  journal={IEEE Access}, 
  title={Smart Home Based on WiFi Sensing: A Survey}, 
  year={2018},
  volume={6},
  number={},
  pages={13317-13325},
  doi={10.1109/ACCESS.2018.2812887}
}
@INPROCEEDINGS{8862778,
  author={Sehrawat, Deepti and Gill, Nasib Singh},
  booktitle={2019 3rd International Conference on Trends in Electronics and Informatics (ICOEI)}, 
  title={Smart Sensors: Analysis of Different Types of IoT Sensors}, 
  year={2019},
  volume={},
  number={},
  pages={523-528},
  doi={10.1109/ICOEI.2019.8862778}
}

@article { AUniversalScaleofApparentTemperature,
      author = "Robert G.  Steadman",
      title = "A Universal Scale of Apparent Temperature",
      journal = "Journal of Applied Meteorology and Climatology",
      year = "1984",
      publisher = "American Meteorological Society",
      address = "Boston MA, USA",
      volume = "23",
      number = "12",
      doi = "10.1175/1520-0450 (1984)023<1674:AUSOAT>2.0.CO;2",
      pages=      "1674 - 1687",
      url = "https://journals.ametsoc.org/view/journals/apme/23/12/1520-0450_1984_023_1674_ausoat_2_0_co_2.xml"
}
 @misc{slats_2021, title={A brief history of Lora: Three inventors share their story}, url={https://blog.semtech.com/a-brief-history-of-lora-three-inventors-share-their-personal-story-at-the-things-conference}, journal={A Brief History of LoRa: Three Inventors Share Their Story}, publisher={Semtech Corporation}, author={Slats, Laurens}, year={2021}, month={Nov}} 

 
@Article{s20216076,
AUTHOR = {Krishnamurthi, Rajalakshmi and Kumar, Adarsh and Gopinathan, Dhanalekshmi and Nayyar, Anand and Qureshi, Basit},
TITLE = {An Overview of IoT Sensor Data Processing, Fusion, and Analysis Techniques},
JOURNAL = {Sensors},
VOLUME = {20},
YEAR = {2020},
NUMBER = {21},
ARTICLE-NUMBER = {6076},
URL = {https://www.mdpi.com/1424-8220/20/21/6076},
ISSN = {1424-8220},
DOI = {10.3390/s20216076}
}
 @misc{teamDigetum_2022, title={Differences between cloud, Fog and edge computing}, url={https://www.digiteum.com/cloud-fog-edge-computing-iot/}, journal={Digiteum}, author={{Digiteum Team}}, year={2022}, month={Aug}} 

 @misc{triky_kurenia_2020, title={Zima Sa Blíži, pripravte sa na ňu: Tu Je 9 Tipov, Ako ušetriť na vykurovaní}, url={https://www.sse.sk/aktuality/zima-sa-blizi-pripravte-sa-na-nu-tu-je-9-tipov-ako-usetrit-na-vykurovani?page_id=10195}, journal={Stredoslovenská energetika}, author={{Stredoslovenská energetika}}, year={2020}, month={Oct}} 

 @misc{scitanie_2021, title={SODB2021 – Sčítanie Obyvateľov, domov A Bytov}, url={https://www.scitanie.sk}, journal={Výsledky}, author={{Štatistický úrad  SR}}} 

@misc{kurenie_byt, 
title={Zdravé bývanie – Ako Na Kúrenie V Dome a V byte}, 
url={https://www.zdrave-byvanie.com/ako-na-kurenie-v-domoch-a-bytoch/}, 
journal={Dom a bývanie}, 
author={Hofer, Peter}, year={2022}, month={Feb}, day={07} }

@INPROCEEDINGS{1382266,
  author={Li Jiang and Da-You Liu and Bo Yang},
  booktitle={Proceedings of 2004 International Conference on Machine Learning and Cybernetics (IEEE Cat. No.04EX826)}, 
  title={Smart home research}, 
  year={2004},
  volume={2},
  number={},
  pages={659-663 vol.2},
  doi={10.1109/ICMLC.2004.1382266}}

  @misc{smart_home, 
title={The 7 greatest advantages of Smart Home Automation}, 
url={https://bluespeedav.com/blog/item/7-greatest-advantages-of-smart-home-automation}, 
journal={Smart Home}, 
author={BlueSpeed, AV}, year={2016}, month={Jun}, day={14} }

  @misc{dissmart, 
title={The Pros and Cons of Having A Smart Home}, 
url={https://www.longtermdisabilitylawyer.com/2015/08/pros-cons-smart-home/}, 
journal={Smart Home}, 
author={Darras}, year={2017}, month={Dec}, day={14} }

@book{purkynve1891topeni,
  title={Topen{\'\i} a v{\v{e}}tr{\'a}n{\'\i} obydl{\'\i} lidsk{\`y}ch},
  author={Purkyn{\v{e}}, Jan Evangelista},
  year={1891},
  publisher={IL Kober}
}

@misc{lokal, 
title={Sálavé a Konvekčné teplo}, 
url={https://www.jotul.sk/navody/salave-a-konvekcne-teplo/}, 
journal={Návody}, 
author={Jotul.sk}, year={2020}, month={Sep}, day={13} }

@misc{etaz, 
title={39. Etážové Vykurovanie}, 
url={https://www.jotul.sk/navody/salave-a-konvekcne-teplo/}, 
journal={Návody}, 
author={Sárossyová ,Beáta}, year={2012}, month={Feb}, day={09} }

@book{ward1976anatomy,
  title={Anatomy of the Motor Car},
  author={Ward, I.},
  isbn={9780856132308},
  lccn={76371026},
  url={https://books.google.cz/books?id=7RdmAAAACAAJ},
  year={1976},
  publisher={Orbis Books}
}
@book{mozes1983paraffin,
  title={Paraffin products},
  author={M{\'o}zes, Gyula},
  year={1983},
  publisher={Elsevier}
}
@article{vstajer2020elektricke,
  title={Elektrick{\'e} otopn{\'e} syst{\'e}my},
  author={{\v{S}}tajer, Jan and others},
  year={2020},
  publisher={Z{\'a}pado{\v{c}}esk{\'a} univerzita v Plzni}
}
@article{pichova2012elektricke,
  title={Elektrick{\'e} otopn{\'e} syst{\'e}my energeticky, ekologicky a ekonomicky},
  author={P{\'\i}chov{\'a}, Jitka},
  year={2012},
  publisher={Z{\'a}pado{\v{c}}esk{\'a} univerzita v Plzni}
}
@misc{centralHeating, title={Your central heating system explained}, url={https://www.york.gov.uk/council-homes/central-heating-system-explained}, journal={City of York Council}, author={City of York Council}} 
  @misc{teplarne, title={Jak to Funguje: Pražská Teplárenská a.s.}, url={https://www.ptas.cz/jak-to-funguje/}, journal={Jak to funguje | Pražská teplárenská a.s.}, author={Beneš &amp; Michl, www.benes-michl.cz}} 
@misc{centralHeatingPlu, title={Advantages and disadvantages of using a central heating system}, url={https://phplumbingheating.com/advantages-and-disadvantages-of-using-a-central-heating-system/}, journal={P &amp; H Plumbing}, author={{PH~Plumbing}}, year={2021}, month={Jun}}

@article{olesen2002radiant,
  title={Radiant floor heating in theory and practice},
  author={Olesen, Bjarne W and others},
  journal={ASHRAE journal},
  volume={44},
  number={7},
  pages={19--26},
  year={2002},
  publisher={ASHRAE AMERICAN SOCIETY HEATING REFRIGERATING}
}
@misc{ tuffin_2018, title={Different types of underfloor heating – wet UFH systems: Ambiente UFH}, url={https://ambienteufh.co.uk/drawbacks-electric-underfloor-heating/}, journal={Ambiente}, author={ Tuffin, Robert}, year={2018}, month={Oct}} 
 
@misc{radiator_2014, title={Radiátorové Kúrenie}, url={https://kureniepresov.sk/domacnost/kurenie/radiatorove-kurenie/}, journal={Návrh a montáž úsporného kúrenia}, publisher={Kúrenie prešov}, year={2014}, month={Oct}, author={{Smart Energo}}}

@misc{thermostat_definition_meaning, 
title={Thermostat definition and meaning}, 
url={https://www.collinsdictionary.com/dictionary/english/thermostat},
journal={Thermostat definition and meaning}, 
publisher={HarperCollins Publishers Ltd}, 
author={{Collins english dictionary}}} 

 @misc{w_2021, title={How does an analog thermostat work?}, url={https://www.systoncable.com/how-does-an-analog-thermostat-work/}, journal={Syston Cable. System is ON.}, publisher={Syston Cable}, author={{Syston Cable}}, year={2021}, month={Oct}} 
 
@misc{cdn_2020, title={What Are Wax Motors and how do they work?}, url={https://www.cdn-inc.com/wax-motors/}, journal={CDN}, author={{Creative~Design~Network}}, year={2020}, month={Jun}} 

@misc{formisano_2022, title={Learn how to pick the right thermostat for your Furnace}, url={https://www.thespruce.com/thermostat-and-furnace-compatibility-1824782}, journal={The Spruce}, publisher={The Spruce}, author={Formisano, Bob}, year={2022}, month={Mar}} 
   
@misc{challi_heating_2020, title={How does a digital thermostat work?}, url={https://www.cahillheating.com/blog/how-does-a-digital-thermostat-work}, journal={How Does a Digital Thermostat Work?}, author={{Cahillh~Heating}}, year={2020}, month={Aug}} 

@misc{robinson_2022, title={How does a thermostat work}, url={https://www.homeserve.com/uk/living/heating/how-does-a-thermostat-work/}, journal={Living – Your Home, DIY and Life by HomeServe}, publisher={HomeServe – Living Blog}, author={Robinson, Simone}, year={2022}, month={Jun}} 

@misc{cadence_2022, title={How does temperature hysteresis work?}, url={https://resources.pcb.cadence.com/blog/2021-how-does-temperature-hysteresis-work}, journal={Cadence}, author={{Cadence PCB Solutions}}, year={2022}, month={Oct}} 

 @misc{castrads_2022, title={How it works – thermostatic radiator valves}, url={https://www.castrads.com/uk/resources/how-it-works/thermostatic-radiator-valves/}, journal={Castrads}, author={Castrads}, year={2022}, month={Jan}} 

@misc{morris_2022, title={How smart radiator valves work}, url={https://www.which.co.uk/reviews/smart-radiator-valves/article/how-smart-radiator-valves-work-a2jgq3z61RB8}, journal={Which?}, author={Morris, Sam}, year={2022}, month={Dec}} 

@book{keramidas2016components,
title={Components and services for IoT platforms},
author={Keramidas, Georgios and Voros, Nikolaos and H{\"u}bner, Michael},
year={2016},
publisher={Springer}}

@misc{cambridge, title={The internet of things}, url={https://dictionary.cambridge.org/dictionary/english/internet-of-things}, journal={Cambridge Dictionary}, author={Cambridge}} 

@book{kubba2012handbook,
  title={Handbook of green building design and construction: LEED, BREEAM, and Green Globes},
  author={Kubba, Sam},
  year={2012},
  publisher={Butterworth-Heinemann}
}

@misc{hometree_2022, title={How does a thermostat work?}, url={https://www.hometree.co.uk/energy-advice/central-heating/how-does-a-thermostat-work/}, journal={Hometree}, author={Hometree}, year={2022}, month={Nov}}

@misc{Austyn_hlavica ,title={The electronic control head MAG RA}, url= {https://www.iqrfalliance.org/product_files/austyn-brozura-en-ver3.pdf}, journal={IQRF products}, author={Austyn}, year={2023}}

@misc{Micropelt_hlavica ,title={Self powered radiator control MLR003E}, url= {https://www.micropelt.com/en/products/lorawan/mlr003}, journal={Products}, author={Micropelt} , year={2022}}

@misc{Vicki ,title={Vicki LoRaWAN}, url= {https://docs.mclimate.eu/mclimate-lorawan-devices/devices/mclimate-vicki-lorawan}, journal={Devices}, author={MClimate} , year={2022}}

@misc{TemperatureSensivity, title={Basal ganglia (section 3, chapter 4)},url={https://nba.uth.tmc.edu/neuroscience/s3/chapter04.html}, journal = {Neuroscience Online: An Electronic Textbook for the Neurosciences}, author= {James Knierim}, year={2020}, month={Oct}, Day={20}}

@misc{IQRF ,title={Documentation}, url={https://doc.iqrf.org}, author={IQRF}}

@book{eckerson2010performance,
  title={Performance dashboards: measuring, monitoring, and managing your business},
  author={Eckerson, Wayne W},
  year={2010},
  publisher={John Wiley \& Sons}
}